@book{leclair_2008,
    place={Tuscaloosa, AL},
    title={Problem Set 8: Solutions},
    publisher={University of Alabama},
    author={LeClair, Patrick R.},
    year={2008}
}
