@book{feynman_leighton_sands_2009,
    place={San Francisco, CA},
    title={The Feynman lectures on physics: the definitive and extended edition},
    publisher={Addison-Wesley},
    author={Feynman, Richard P. and Leighton, Robert B. and Sands, Matthew L.},
    year={2009}
}

@book{halliday_resnick_walker_2008,
    place={Hoboken, NJ},
    title={Haliday and Resnick Fundamentals of Physics Volume III},
    publisher={John Wiley and Sons},
    author={Halliday, David and Resnick, Robert and Walker, Jearl},
    year={2008}
}

@book{mazur_et_al_2016,
    place={Harlow, Essex},
    title={Principles and practice of physics: global edition},
    publisher={Pearson Education Limited},
    author={Mazur, Eric and Pedigo, Daryl and Crouch, Catherine H. and Dourmashkin, Peter A. and Bieniek, Ronald J. and Banfi, Andrea and Jisrawi, Najeh M. and Setlur, Girish S.},
    year={2016}
}
