@article{harvard-negativity-bias,
    title={A negativity bias in interpersonal evaluation},
    volume={18},
    DOI={10.1016/0022-1031(82)90078-6},
    number={1},
    journal={Journal of Experimental Social Psychology},
    author={Amabile, Teresa M. and Glazebrook, Ann H.},
    year={1982},
    pages={1–22}
}

@article{massive-emotional-contagion,
    doi = {10.1073/pnas.1320040111},
    url = {https://doi.org/10.1073/pnas.1320040111},
    year = {2014},
    month = jun,
    publisher = {Proceedings of the National Academy of Sciences},
    volume = {111},
    number = {24},
    pages = {8788--8790},
    author = {A. D. I. Kramer and J. E. Guillory and J. T. Hancock},
    title = {Experimental evidence of massive-scale emotional contagion through social networks},
    journal = {Proceedings of the National Academy of Sciences}
}

@misc{be-mean-online,
    author = {Thompson, Clive},
    title = {A Sad Fact of Life: It's Actually Smart to Be Mean Online},
    journal = {Wired},
    year = {2017},
    month = {Jun},
    publisher = {WIRED},
    url = {https://www.wired.com/2014/11/be-mean-online}
}

@misc{manipulation-for-science,
    author = {Hill, Kashmir},
    title = {Facebook Manipulated 689,003 Users' Emotions For Science},
    journal = {Forbes},
    year = {2014},
    month = {Sep},
    publisher = {Forbes},
    url = {https://www.forbes.com/sites/kashmirhill/2014/06/28/facebook-manipulated-689003-users-emotions-for-science}
}

@misc{clima-mulheres,
    author = {Ferreira Carvalho, Amasa},
    title = {Mudanças Climáticas e Gênero},
    year = {2021},
    month = {May},
    url = {https://drive.google.com/file/d/1OeGfkj-1SsLe_LwPNeU0ukfScddfEJC4}
}

@article{bad-stronger-than-good,
    author={Baumeister, Roy F.},
    title={Bad is Stronger than Good},
    DOI={10.1037/e413792005-154},
    journal={PsycEXTRA Dataset},
    year={2000}
}

@article{negativity-spreads-wide,
    author={Tsugawa, Sho and Ohsaki, Hiroyuki},
    title={Negative Messages Spread Rapidly and Widely on Social Media},
    DOI={10.1145/2817946.2817962},
    journal={Proceedings of the 2015 ACM on Conference on Online Social Networks},
    year={2015}
}

@article{negativity-virality,
    author={Jiménez-Zafra, Salud María and Sáez-Castillo, Antonio José and Conde-Sánchez, Antonio and Martín-Valdivia, María Teresa},
    title={How do sentiments affect virality on Twitter?},
    volume={8},
    DOI={10.1098/rsos.201756},
    number={4},
    journal={Royal Society Open Science},
    year={2021}
}

@misc{hate-speech-increasing,
    title = {OHCHR Report: Online hate increasing against minorities, says expert},
    year = {2021},
    month = {Jun},
    url = {https://www.ohchr.org/EN/NewsEvents/Pages/sr-minorities-report.aspx}
}
