@book{leithold_2010,
    place={Curitiba, PA},
    title={Estudo da propaga{\ifmmode\mbox{\c{c}}\else\c{c}\fi}{\ifmmode\tilde{a}\else\~{a}\fi}o de rádio e das descargas atmosféricas na regi{\ifmmode\tilde{a}\else\~{a}\fi}o da anomalia magnética do atlântico sul},
    publisher={Faculdades Integradas "Espírita"},
    author={Leithold, Angelo Antonio},
    year={2010}
}

@book{chen_2018,
    title={Introduction to plasma physics and controlled fusion},
    publisher={Springer},
    author={Chen, Francis F.},
    year={2018}
}
