@manual{unitednations,
    title = {Agenda 2030 The Human Security Unit},
    year = {2021},
    month = {May},
    url = {https://www.un.org/humansecurity/agenda-2030},
    urlaccessdate = {4.5.2021}
}
@manual{plataforma2030,
    title = {Plataforma Agenda 2030},
    year = {2021},
    month = {May},
    url = {http://www.agenda2030.com.br/os_ods},
    urlaccessdate = {4.5.2021}
}
@manual{ods5,
    title = {ODS 5 Igualdade de Gênero},
    year = {2021},
    month = {May},
    url = {http://www.agenda2030.com.br/ods/5},
    urlaccessdate = {4.5.2021}
}
@article{Lavinas2001,
abstract = {A participa{\c{c}}{\~{a}}o feminina no mercado de trabalho tem aumentado de forma linear e praticamente alheia {\`{a}}s flutua{\c{c}}{\~{o}}es da atividade econ{\^{o}}mica. Seja em fases de recess{\~{a}}o, seja nos ciclos de expans{\~{a}}o da economia, a taxa de atividade53 das mulheres, em particular das c{\^{o}}njuges com filhos, tem crescido no Brasil nos {\'{u}}ltimos 20 anos. Quaisquer que sejam as fontes estat{\'{i}}sticas, essa constata{\c{c}}{\~{a}}o {\'{e}} quase lugar-comum, estando evidenciada em todas as pesquisas e artigos. Al{\'{e}}m do crescimento sustentado da taxa de atividade feminina, outra tend{\^{e}}ncia interessante diz respeito ao melhor desempenho das mulheres na disputa por postos de trabalho. De fato, desde meados dos anos 1980, a taxa anual de emprego das mulheres mostra-se mais elevada que a masculina, levando a um forte aumento do sexo feminino entre os ocupados. A absor{\c{c}}{\~{a}}o da m{\~{a}}o-de-obra feminina tem sido, portanto, superior {\`{a}} masculina em todas as fases recentes da economia brasileira [ver Linhares e Lavinas (1997)]. 52},
author = {Lavinas, Lena},
file = {:home/pedro/Sync/Vault/academic/unicamp/sem02/hz291/p1/ref/empregabilidade_no_brasil_inflex{\~{o}}es_de_g{\^{e}}nero_e_diferenciais_femininos.pdf:pdf},
issn = {1415-4765},
journal = {Texto para Discuss{\~{a}}o},
number = {826},
pages = {29},
title = {Empregabilidade No Brasil: Inflex{\~{o}}es De G{\^{e}}nero e Diferenciais Femininos},
url = {http://www.ipea.gov.br},
year = {2001}
}
@article{Araujo2001,
    abstract = {Uma das maiores caracter{\'{i}}sticas do mercado de trabalho brasileiro {\'{e}} o diferencial salarial entre homens e mulheres. Dado que os diferenciais salariais dependem de diferen{\c{c}}as de caracter{\'{i}}sticas produtivas pessoais e dos postos ocupados, estuda-se a contribui{\c{c}}{\~{a}}o da distribui{\c{c}}{\~{a}}o ocupacional no diferencial salarial entre homens e mulheres, com {\^{e}}nfase em uma an{\'{a}}lise nas diferentes regi{\~{o}}es do Brasil. Concluiu-se que o diferencial de sal{\'{a}}rios entre homens e mulheres nas regi{\~{o}}es brasileiras {\'{e}} em grande parte resultado de diferen{\c{c}}as},
    author = {Araujo, Ver{\^{o}}nica Fagundes and Ribeiro, Eduardo Pontual},
    file = {:home/pedro/Sync/Vault/academic/unicamp/sem02/hz291/p1/ref/diferenciais_de_salario_por_genero_no_brasil.pdf:pdf},
    journal = {Programa de P{\'{o}}s-Gradua{\c{c}}{\~{a}}o em Economia - UFRGS},
    pages = {22},
    title = {Diferenciais De Sal{\'{a}}rios Por G{\^{e}}nero No Brasil : Uma An{\'{a}}lise Regional},
    url = {https://www.ufrgs.br/ppge/wp-content/themes/PPGE/page/textos-para-discussao/pcientifica/2001_11.pdf},
    year = {2001}
}
@article{Barros1997,
    abstract = {Uma das maiores caracter{\'{i}}sticas do mercado de trabalho brasileiro {\'{e}} o diferencial salarial entre homens e mulheres. Dado que os diferenciais salariais dependem de diferen{\c{c}}as de caracter{\'{i}}sticas produtivas pessoais e dos postos ocupados, estuda-se a contribui{\c{c}}{\~{a}}o da distribui{\c{c}}{\~{a}}o ocupacional no diferencial salarial entre homens e mulheres, com {\^{e}}nfase em uma an{\'{a}}lise nas diferentes regi{\~{o}}es do Brasil. Concluiu-se que o diferencial de sal{\'{a}}rios entre homens e mulheres nas regi{\~{o}}es brasileiras {\'{e}} em grande parte resultado de diferen{\c{c}}as},
    author = {Barros, Ricardo Paes De; and Machado, Ana Fl{\'{a}}via and Mendon{\c{c}}a, Rosane Silva Pinto},
    file = {:home/pedro/Sync/Vault/academic/unicamp/sem02/hz291/p1/ref/estrategias_ocupacionais_e_diferenciais_por_genero.pdf:pdf},
    journal = {Programa de P{\'{o}}s-Gradua{\c{c}}{\~{a}}o em Economia - UFRGS},
    pages = {22},
    title = {A Desigualdade da Pobreza : Estrat{\'{e}}gias Ocupacionais e Diferenciais por G{\^{e}}nero *},
    url = {https://www.ufrgs.br/ppge/wp-content/themes/PPGE/page/textos-para-discussao/pcientifica/2001_11.pdf},
    year = {1997}
}
@article{Cristina2007,
    author = {Cristina, Maria and Bruschini, Aranha},
    file = {:home/pedro/Sync/Vault/academic/unicamp/sem02/hz291/p1/ref/trabalho_e_genero_no_brasil_nos_ultimos_dez_anos.pdf:pdf},
    pages = {537--572},
    title = {Trabalho e Gênero no Brasil Nos Últimos Dez Anos},
    year = {2007}
}
