@misc{i-dont-care-about-cookies,
    author = {Kladnik, Daniel},
    title = {I don't care about cookies},
    journal = {I don't care about cookies},
    year = {2021},
    month = {May},
    note = {[Online; accessed 17. May 2021]},
    url = {https://www.i-dont-care-about-cookies.eu}
}
@misc{lgpd,
    author = {de Processamento de Dados, SERPRO - Servi{\ifmmode\mbox{\c{c}}\else\c{c}\fi}o Federal},
    title = {LGPD: a vers{\ifmmode\tilde{a}\else\~{a}\fi}o brasileira do regulamento europeu {\ifmmode---\else\textemdash\fi} LGPD - Lei Geral de Prote{\ifmmode\mbox{\c{c}}\else\c{c}\fi}{\ifmmode\tilde{a}\else\~{a}\fi}o de Dados Pessoais {$\vert$} Serpro},
    year = {2021},
    month = {May},
    note = {[Online; accessed 17. May 2021]},
    url = {https://www.serpro.gov.br/lgpd/noticias/lgpd-versao-brasileira-gdpr-dados-pessoais}
}
@inproceedings{cookie-strategies,
    author = {Kulyk, Oksana and Hilt, Annika and Gerber, Nina and Volkamer, Melanie},
    year = {2018},
    month = {04},
    pages = {},
    title = {"This Website Uses Cookies": Users' Perceptions and Reactions to the Cookie Disclaimer},
    doi = {10.14722/eurousec.2018.23012}
}
@misc{dma,
    author = {Koch, Richie},
    title = {Why the future of the internet depends on the Digital Markets Act},
    journal = {ProtonMail Blog},
    year = {2021},
    month = {Feb},
    note = {[Online; accessed 17. May 2021]},
    url = {https://protonmail.com/blog/digital-markets-act-explained}
}
@misc{data-consent,
    title = {EUR-Lex},
    year = {2021},
    month = {May},
    note = {[Online; accessed 17. May 2021]},
    url = {https://eur-lex.europa.eu/legal-content/EN/TXT/?uri=celex:32016R0679}
}
@misc{gdpr,
    title = {GDPR Archives},
    journal = {GDPR},
    year = {2021},
    month = {May},
    note = {[Online; accessed 17. May 2021]},
    url = {https://gdpr.eu/tag/gdpr}
}
